@article{mnih2014neural,
  title={Neural variational inference and learning in belief networks},
  author={Mnih, Andriy and Gregor, Karol},
  journal={arXiv preprint arXiv:1402.0030},
  year={2014}
}

@article{hinton1995wake,
  title={The" wake-sleep" algorithm for unsupervised neural networks},
  author={Hinton, Geoffrey E and Dayan, Peter and Frey, Brendan J and Neal, Radford M},
  journal={Science},
  volume={268},
  number={5214},
  pages={1158--1161},
  year={1995},
  publisher={American Association for the Advancement of Science}
}

@article{bornschein2014reweighted,
  title={Reweighted wake-sleep},
  author={Bornschein, J{\"o}rg and Bengio, Yoshua},
  journal={arXiv preprint arXiv:1406.2751},
  year={2014}
}

@article{burda2015importance,
  title={Importance Weighted Autoencoders},
  author={Burda, Yuri and Grosse, Roger and Salakhutdinov, Ruslan},
  journal={arXiv preprint arXiv:1509.00519},
  year={2015}
}

@article{salimans2014markov,
  title={Markov chain Monte Carlo and variational inference: Bridging the gap},
  author={Salimans, Tim},
  journal={arXiv preprint arXiv:1410.6460},
  year={2014}
}

@article{hoffman2013stochastic,
  title={Stochastic variational inference},
  author={Hoffman, Matthew D and Blei, David M and Wang, Chong and Paisley, John},
  journal={The Journal of Machine Learning Research},
  volume={14},
  number={1},
  pages={1303--1347},
  year={2013},
  publisher={JMLR. org}
}

@article{bengio2013estimating,
  title={Estimating or propagating gradients through stochastic neurons for conditional computation},
  author={Bengio, Yoshua and L{\'e}onard, Nicholas and Courville, Aaron},
  journal={arXiv preprint arXiv:1308.3432},
  year={2013}
}

@article{kingma2013auto,
  title={Auto-encoding variational bayes},
  author={Kingma, Diederik P and Welling, Max},
  journal={arXiv preprint arXiv:1312.6114},
  year={2013}
}